@inproceedings{malavolta2017concurrency,
  title        = {Concurrency and privacy with payment-channel networks},
  author       = {Malavolta, Giulio and Moreno-Sanchez, Pedro and Kate, Aniket and Maffei, Matteo and Ravi, Srivatsan},
  booktitle    = {Proceedings of the 2017 ACM SIGSAC Conference on Computer and Communications Security},
  pages        = {455--471},
  year         = {2017},
  organization = {ACM}
}

@inproceedings{heilman2017tumblebit,
  title     = {Tumblebit: An untrusted bitcoin-compatible anonymous payment hub},
  author    = {Heilman, Ethan and Alshenibr, Leen and Baldimtsi, Foteini and Scafuro, Alessandra and Goldberg, Sharon},
  booktitle = {Network and Distributed System Security Symposium},
  year      = {2017}
}


@misc{bccom,
  title = {Blockchain.com},
  url   = {https://blockchain.com/},
  year  = {2020},
  note  = {Accessed on 2020-06-02}
}

@inproceedings{canetti2002universally,
  title        = {Universally composable notions of key exchange and secure channels},
  author       = {Canetti, Ran and Krawczyk, Hugo},
  booktitle    = {International Conference on the Theory and Applications of Cryptographic Techniques},
  pages        = {337--351},
  year         = {2002},
  organization = {Springer}
}

@techreport{tairi2019a2l,
  title       = {{A2L}: Anonymous atomic locks for scalability and interoperability in payment channel hubs},
  author      = {Tairi, Erkan and Moreno-Sanchez, Pedro and Maffei, Matteo},
  year        = {2019},
  institution = {Cryptology ePrint Archive, Report 2019/589}
}


@inproceedings{canetti2003universal,
  title        = {Universal composition with joint state},
  author       = {Canetti, Ran and Rabin, Tal},
  booktitle    = {Annual International Cryptology Conference},
  pages        = {265--281},
  year         = {2003},
  organization = {Springer}
}


@misc{raiden,
  title = {Raiden Network --- high speed asset transfers for Ethereum},
  url   = {https://raiden.network/},
  year  = {2019},
  note  = {Accessed on 2019-08-13}
}

@misc{silk,
  title = {How Tor's privacy was (momentarily) broken, and the questions it raises},
  url   = {https://phys.org/news/2015-12-tor-privacy-momentarily-broken.html},
  year  = {2015},
  note  = {Accessed on 2020-07-18}
}

@inproceedings{backes2013anoa,
  title        = {AnoA: A framework for analyzing anonymous communication protocols},
  author       = {Backes, Michael and Kate, Aniket and Manoharan, Praveen and Meiser, Sebastian and Mohammadi, Esfandiar},
  booktitle    = {2013 IEEE 26th Computer Security Foundations Symposium},
  pages        = {163--178},
  year         = {2013},
  organization = {IEEE}
}

@inproceedings{croman2016scaling,
  title        = {On scaling decentralized blockchains},
  author       = {Croman, Kyle and Decker, Christian and Eyal, Ittay and Gencer, Adem Efe and Juels, Ari and Kosba, Ahmed and Miller, Andrew and Saxena, Prateek and Shi, Elaine and Sirer, Emin G{\"u}n and others},
  booktitle    = {International Conference on Financial Cryptography and Data Security},
  pages        = {106--125},
  year         = {2016},
  organization = {Springer}
}

@article{pfitzmann2010terminology,
  title  = {A terminology for talking about privacy by data minimization: Anonymity, unlinkability, undetectability, unobservability, pseudonymity, and identity management},
  author = {Pfitzmann, Andreas and Hansen, Marit},
  year   = {2010}
}

@inproceedings{malavolta2019anonymous,
  title     = {Anonymous Multi-Hop Locks for Blockchain Scalability and Interoperability.},
  author    = {Malavolta, Giulio and Moreno-Sanchez, Pedro and Schneidewind, Clara and Kate, Aniket and Maffei, Matteo},
  booktitle = {NDSS},
  year      = {2019}
}

@article{seres2019topological,
  title   = {Topological Analysis of Bitcoin's Lightning Network},
  author  = {Seres, Istv{\'a}n Andr{\'a}s and Guly{\'a}s, L{\'a}szl{\'o} and Nagy, D{\'a}niel A and Burcsi, P{\'e}ter},
  journal = {arXiv preprint arXiv:1901.04972},
  year    = {2019}
}

@inproceedings{camenisch2018wonderful,
  title        = {The wonderful world of global random oracles},
  author       = {Camenisch, Jan and Drijvers, Manu and Gagliardoni, Tommaso and Lehmann, Anja and Neven, Gregory},
  booktitle    = {Annual International Conference on the Theory and Applications of Cryptographic Techniques},
  pages        = {280--312},
  year         = {2018},
  organization = {Springer}
}


@techreport{dingledine2004tor,
  title       = {Tor: The second-generation onion router},
  author      = {Dingledine, Roger and Mathewson, Nick and Syverson, Paul},
  year        = {2004},
  institution = {Naval Research Lab Washington DC}
}

@article{decker2018eltoo,
  title   = {eltoo: A simple layer2 protocol for bitcoin},
  author  = {Decker, Christian and Russell, Rusty and Osuntokun, Olaoluwa},
  journal = {White paper: https://blockstream. com/eltoo. pdf},
  year    = {2018}
}

@inproceedings{decker2015fast,
  title        = {A fast and scalable payment network with bitcoin duplex micropayment channels},
  author       = {Decker, Christian and Wattenhofer, Roger},
  booktitle    = {Symposium on Self-Stabilizing Systems},
  pages        = {3--18},
  year         = {2015},
  organization = {Springer}
}

@inproceedings{mccorry2016towards,
  title        = {Towards bitcoin payment networks},
  author       = {McCorry, Patrick and M{\"o}ser, Malte and Shahandasti, Siamak F and Hao, Feng},
  booktitle    = {Australasian Conference on Information Security and Privacy},
  pages        = {57--76},
  year         = {2016},
  organization = {Springer}
}

@inproceedings{green2017bolt,
  title        = {Bolt: Anonymous payment channels for decentralized currencies},
  author       = {Green, Matthew and Miers, Ian},
  booktitle    = {Proceedings of the 2017 ACM SIGSAC Conference on Computer and Communications Security},
  pages        = {473--489},
  year         = {2017},
  organization = {ACM}
}

@article{lind2016teechan,
  title   = {Teechan: Payment channels using trusted execution environments},
  author  = {Lind, Joshua and Eyal, Ittay and Pietzuch, Peter and Sirer, Emin G{\"u}n},
  journal = {arXiv preprint arXiv:1612.07766},
  year    = {2016}
}

@misc{moeller2015ietf,
  title  = {IETF draft: EdDSA and Ed25519},
  author = {Moeller, N and Josefsson, S},
  year   = {2015}
}

@misc{github2019lnd,
  title = {Lightning Network Daemon},
  year  = {2019},
  url   = {https://github.com/lightningnetwork/lnd}
}

@misc{themelio,
  title = {Themelio},
  year  = {2020},
  url   = {https://themelio.org}
}

@misc{openssl,
  title = {OpenSSL},
  note  = {Accessed on 2020-07-15},
  url   = {https://www.openssl.org/}
}

@misc{libsodium,
  title = {libsodium},
  note  = {Accessed on 2020-07-15},
  url   = {https://doc.libsodium.org/}
}

@inproceedings{aumasson2013blake2,
  title        = {BLAKE2: simpler, smaller, fast as MD5},
  author       = {Aumasson, Jean-Philippe and Neves, Samuel and Wilcox-O’Hearn, Zooko and Winnerlein, Christian},
  booktitle    = {International Conference on Applied Cryptography and Network Security},
  pages        = {119--135},
  year         = {2013},
  organization = {Springer}
}



@inproceedings{bernstein2015sphincs,
  title        = {SPHINCS: practical stateless hash-based signatures},
  author       = {Bernstein, Daniel J and Hopwood, Daira and H{\"u}lsing, Andreas and Lange, Tanja and Niederhagen, Ruben and Papachristodoulou, Louiza and Schneider, Michael and Schwabe, Peter and Wilcox-O’Hearn, Zooko},
  booktitle    = {Annual International Conference on the Theory and Applications of Cryptographic Techniques},
  pages        = {368--397},
  year         = {2015},
  organization = {Springer}
}

@inproceedings{danezis2009sphinx,
  title        = {Sphinx: A compact and provably secure mix format},
  author       = {Danezis, George and Goldberg, Ian},
  booktitle    = {2009 30th IEEE Symposium on Security and Privacy},
  pages        = {269--282},
  year         = {2009},
  organization = {IEEE}
}


@inproceedings{feigenbaum2010preventing,
  title        = {Preventing active timing attacks in low-latency anonymous communication},
  author       = {Feigenbaum, Joan and Johnson, Aaron and Syverson, Paul},
  booktitle    = {International Symposium on Privacy Enhancing Technologies Symposium},
  pages        = {166--183},
  year         = {2010},
  organization = {Springer}
}
